<records xmlns="http://www.openarchives.org/OAI/2.0/">
<record>
  <header>
    <identifier>oai:mst.rochester.edu:marcnormalization/120</identifier>
    <datestamp />
    <predecessors>
      <predecessor>oai:mst.rochester.edu:121</predecessor>
    </predecessors>
    <setSpec>MARCXML Bibliographic Records</setSpec>
    <status>deleted</status>
  </header>
  <metadata>
    <marc:record xmlns:marc="http://www.loc.gov/MARC21/slim" xmlns:xsi="http://www.w3.org/2001/XMLSchema-instance" xsi:schemaLocation="http://www.loc.gov/MARC21/slim http://www.loc.gov/standards/marcxml/schema/MARC21slim.xsd">
      <marc:leader>00698ccm a2200253Ia 4500</marc:leader>
      <marc:controlfield tag="001">3643653</marc:controlfield>
      <marc:controlfield tag="005">20080107172906.0</marc:controlfield>
      <marc:controlfield tag="008">820519s1976    enk  z         n    zxx d</marc:controlfield>
      <marc:datafield ind1=" " ind2=" " tag="035">
        <marc:subfield code="a">(OCoLC)8441944</marc:subfield>
      </marc:datafield>
      <marc:datafield ind1=" " ind2=" " tag="035">
        <marc:subfield code="a">3643653</marc:subfield>
      </marc:datafield>
      <marc:datafield ind1=" " ind2=" " tag="040">
        <marc:subfield code="a">NLN</marc:subfield>
        <marc:subfield code="c">NLN</marc:subfield>
        <marc:subfield code="d">OCL</marc:subfield>
        <marc:subfield code="d">RES</marc:subfield>
      </marc:datafield>
      <marc:datafield ind1="3" ind2="0" tag="028">
        <marc:subfield code="a">7185</marc:subfield>
        <marc:subfield code="b">Peters</marc:subfield>
      </marc:datafield>
      <marc:datafield ind1=" " ind2=" " tag="035">
        <marc:subfield code="a">(OCoLC)8441944</marc:subfield>
      </marc:datafield>
      <marc:datafield ind1=" " ind2=" " tag="090">
        <marc:subfield code="a">M25.G687</marc:subfield>
        <marc:subfield code="b">B2 1976</marc:subfield>
      </marc:datafield>
      <marc:datafield ind1=" " ind2=" " tag="049">
        <marc:subfield code="a">RESM</marc:subfield>
      </marc:datafield>
      <marc:datafield ind1="1" ind2=" " tag="100">
        <marc:subfield code="a">Gottschalk, Louis Moreau,</marc:subfield>
        <marc:subfield code="d">1829-1869.</marc:subfield>
        <marc:subfield code="4">cmp</marc:subfield>
      </marc:datafield>
      <marc:datafield ind1="1" ind2="0" tag="240">
        <marc:subfield code="a">Bananier</marc:subfield>
      </marc:datafield>
      <marc:datafield ind1="1" ind2="3" tag="245">
        <marc:subfield code="a">Le bananier /</marc:subfield>
        <marc:subfield code="c">Louis Moreau Gottschalk.</marc:subfield>
      </marc:datafield>
      <marc:datafield ind1=" " ind2=" " tag="260">
        <marc:subfield code="a">London ;</marc:subfield>
        <marc:subfield code="a">New York :</marc:subfield>
        <marc:subfield code="b">Peters,</marc:subfield>
        <marc:subfield code="c">c1976.</marc:subfield>
      </marc:datafield>
      <marc:datafield ind1=" " ind2=" " tag="300">
        <marc:subfield code="a">7 p. of music ;</marc:subfield>
        <marc:subfield code="c">31 cm.</marc:subfield>
      </marc:datafield>
      <marc:datafield ind1=" " ind2=" " tag="500">
        <marc:subfield code="a">Publisher's no.: Edition Peters no. 7185.</marc:subfield>
      </marc:datafield>
      <marc:datafield ind1=" " ind2="0" tag="650">
        <marc:subfield code="a">Piano music.</marc:subfield>
      </marc:datafield>
      <marc:datafield ind1=" " ind2=" " tag="994">
        <marc:subfield code="a">C0</marc:subfield>
        <marc:subfield code="b">RES</marc:subfield>
      </marc:datafield>
      <marc:datafield ind1=" " ind2=" " tag="945">
        <marc:subfield code="a">MARS</marc:subfield>
      </marc:datafield>
      <marc:datafield tag="931" ind1=" " ind2=" ">
        <marc:subfield code="a">Image</marc:subfield>
        <marc:subfield code="5">NRU</marc:subfield>
      </marc:datafield>
      <marc:datafield tag="932" ind1=" " ind2=" ">
        <marc:subfield code="a">Notated music</marc:subfield>
        <marc:subfield code="5">NRU</marc:subfield>
      </marc:datafield>
      <marc:datafield tag="933" ind1=" " ind2=" ">
        <marc:subfield code="a">Notated music</marc:subfield>
        <marc:subfield code="5">NRU</marc:subfield>
      </marc:datafield>
      <marc:datafield tag="935" ind1=" " ind2=" ">
        <marc:subfield code="a">Monograph/Item</marc:subfield>
        <marc:subfield code="5">NRU</marc:subfield>
      </marc:datafield>
      <marc:controlfield tag="003">NRU</marc:controlfield>
      <marc:datafield tag="035" ind1=" " ind2=" ">
        <marc:subfield code="a">(NRU)3643653</marc:subfield>
      </marc:datafield>
    </marc:record>
  </metadata>
</record>
</records>
